<?xml version="1.0" encoding="UTF-8"?><collection xmlns="http://www.loc.gov/MARC21/slim"><record><leader>00372nam--2200121-i-4500</leader><controlfield tag="001">000016270</controlfield><controlfield tag="002">20161230</controlfield><controlfield tag="005">20161230201031</controlfield><controlfield tag="008">060222s1000------------r-----000-0-eng-d</controlfield><datafield ind1=" " ind2=" " tag="100"><subfield code="a">Trinquier,Jacques</subfield></datafield><datafield ind1=" " ind2=" " tag="245"><subfield code="a">Contribution a l la correction de l aberration chromatique du microscope electronique magneti que.these</subfield></datafield><datafield ind1=" " ind2=" " tag="260"><subfield code="a">Toulouse,Universite,1963. 146p</subfield></datafield><datafield ind1=" " ind2=" " tag="852"><subfield code="a">77971</subfield></datafield></record></collection>